% This file was created with JabRef 2.6.
% Encoding: UTF8

@INPROCEEDINGS{tempaware,
  author = {Bao, M. and Andrei, A. and Eles, P. and Peng, Z.},
  title = {Temperature-aware voltage selection for energy optimization},
  booktitle = {DATE '08: Proceedings of the conference on Design, automation and
	test in Europe},
  year = {2008},
  number = {978-3-9810801-3-1},
  pages = {1083--1086},
  address = {New York, NY, USA},
  publisher = {ACM},
  doi = {http://doi.acm.org/10.1145/1403375.1403635},
  file = {:D\:\\Desktop\\BA_Arbeit\\references\\nps294.pdf:PDF},
  owner = {seydanator},
  timestamp = {2010.11.01}
}

@MISC{overview,
  author = {Bellasi, Patrick},
  title = {{Linux Power Management Architecture---A review on Linux PM frameworks}},
  howpublished = {\url{http://home.dei.polimi.it/bellasi/lib/exe/fetch.php?media=teaching:2009:linuxpowermanagement.pdf}},
  month = {December},
  year = {2010},
  note = {last checked: \printdate{21.03.2011}},
  owner = {seydanator},
  timestamp = {2011.03.19}
}

@MANUAL{cpufreq,
  title = {CPU frequency and voltage scaling code in the Linux™ kernel},
  author = {Dominik Brodowski},
  address = {/Documentation/cpu-freq/},
  year = {2011},
  note = {\url{http://www.kernel.org/doc/Documentation/cpu-freq/}},
  owner = {seydanator},
  timestamp = {2011.02.18}
}

@MISC{cpuidle:intel,
  author = {Brown, Len},
  title = {Saving Energy with intel\_idle cpuidle Driver},
  howpublished = {\url{http://video.linux.com/video/1788} and \url{http://events.linuxfoundation.org/slides/2010/linuxcon2010_brown.pdf}},
  year = {2010},
  note = {last checked: \printdate{21.03.2011}},
  owner = {seydanator},
  timestamp = {2011.03.22}
}

@MISC{techarp,
  author = {{charge-n-go}},
  title = {{PC Power Management Guide Rev. 2.0}},
  howpublished = {\url{http://www.techarp.com/showarticle.aspx?artno=420&pgno=7}},
  month = {July},
  year = {2007},
  note = {last checked: \printdate{21.03.2011}},
  language = {English},
  owner = {seydanator},
  timestamp = {2010.11.11},
  url = {http://www.techarp.com/showarticle.aspx?artno=420&pgno=7}
}

@MISC{lwn:cpuidle,
  author = {Corbet, Jonathan},
  title = {The cpuidle subsystem},
  howpublished = {\url{http://lwn.net/Articles/384146/}},
  month = {April},
  year = {2010},
  note = {last checked: \printdate{21.03.2011}},
  owner = {seydanator},
  timestamp = {2011.03.21}
}

@MISC{anand,
  author = {De Gelas, Johan},
  title = {Dynamic Power Management: A Quantitative Approach},
  howpublished = {\url{http://www.anandtech.com/show/2919}},
  month = {January},
  year = {2010},
  note = {last checked: \printdate{21.03.2011}},
  owner = {seydanator},
  timestamp = {2011.03.16}
}

@INPROCEEDINGS{efficientserverclusters,
  author = {Elnozahy, E. and Kistler, Michael and Rajamony, Ramakrishnan},
  title = {Energy-Efficient Server Clusters},
  booktitle = {Power-Aware Computer Systems},
  year = {2003},
  editor = {Falsafi, Babak and Vijaykumar, T.},
  volume = {2325},
  series = {Lecture Notes in Computer Science},
  pages = {179-197},
  organization = {IBM Research Low-Power Computing Research Center Austin TX 78758
	USA},
  publisher = {Springer Berlin / Heidelberg},
  doi = {DOI: 10.1007/3-540-36612-1_12},
  file = {:D\:\\Desktop\\BA_Arbeit\\references\\03-EnergyEfficientServerClusters.pdf:PDF},
  owner = {seydanator},
  timestamp = {2010.10.28},
  url = {http://www.springerlink.com/content/m487264104l7497r/}
}

@MISC{xbit,
  author = {Gavrichenkov, Ilya},
  title = {{CPU Overclocking vs. Power Consumption}},
  howpublished = {\url{http://www.xbitlabs.com/articles/cpu/display/power-consumption-overclocking.html}},
  month = {December},
  year = {2010},
  note = {last checked: \printdate{21.03.2011}},
  owner = {seydanator},
  timestamp = {2011.03.21}
}

@MISC{glib,
  author = {GNOME Project, The},
  title = {{GLib Reference Manual}},
  howpublished = {\url{http://library.gnome.org/devel/glib/2.28/}},
  year = {2011},
  note = {last checked: \printdate{21.03.2011}},
  owner = {seydanator},
  timestamp = {2011.03.21}
}

@MISC{libgtop,
  author = {GNOME Project, The},
  title = {{Libgtop Reference Manual}},
  howpublished = {\url{http://library.gnome.org/devel/libgtop/2.28/}},
  year = {2011},
  note = {last checked: \printdate{27.03.2011}},
  owner = {seydanator},
  timestamp = {2011.03.30}
}

@MISC{green500,
  author = {Green500 Project, The},
  title = {Green500},
  howpublished = {\url{http://www.green500.org}},
  year = {2011},
  note = {last checked: \printdate{21.03.2011}},
  file = {:D\:\\Desktop\\BA_Arbeit\\references\\GreenPaper.pdf:PDF},
  owner = {seydanator},
  timestamp = {2011.03.09}
}

@MISC{cooling,
  author = {Silicon Valley Leadership Group},
  title = {Data Center Energy Forecast---Final Report},
  howpublished = {\url{https://microsite.accenture.com/svlgreport/Documents/pdf/SVLG_Report.pdf}},
  month = {July},
  year = {2008},
  file = {:D\:\\Desktop\\BA_Arbeit\\references\\SVLG_Report.pdf:PDF},
  owner = {seydanator},
  timestamp = {2011.03.18}
}

@MISC{ht4uGPU,
  author = {Gräber, Peter and Sturm, Leander},
  title = {{NVIDIA GeForce GTX 580: Runderneuerung ermöglicht Fermi im Vollausbau}},
  howpublished = {\url{http://ht4u.net/reviews/2010/nvidia_geforce_gtx_580_test/index13.php}},
  month = {November},
  year = {2010},
  note = {last checked: \printdate{21.03.2011}},
  owner = {seydanator},
  timestamp = {2010.11.15}
}

@INPROCEEDINGS{HOT96,
  author = {Akio Hirata and Hidetoshi Onodera and Keikichi Tamaru},
  title = {Estimation Of Short-Circuit Power Dissipation And Its Influence On
	Propagation Delay For Static Cmos Gates},
  booktitle = {Proc. of ISCAS 96},
  year = {1996},
  pages = {751--754},
  file = {:D\:\\Desktop\\BA_Arbeit\\references\\HOT96.pdf:PDF},
  owner = {seydanator},
  timestamp = {2011.02.13}
}

@MISC{powertop,
  author = {{Intel Corporation}},
  title = {PowerTOP},
  howpublished = {\url{http://www.lesswatts.org/projects/powertop/}},
  year = {2011},
  note = {last checked: \printdate{21.03.2011}},
  owner = {seydanator},
  timestamp = {2011.03.18}
}

@MASTERSTHESIS{krempel,
  author = {Stephan Krempel},
  title = {Design and Implementation of a Proﬁling Environment for Trace Based
	Analysis of Energy Effciency Benchmarks in High Performance Computing},
  school = {Ruprecht-Karls-Universität Heidelberg},
  year = {2009},
  month = {August},
  file = {:D\:\\Desktop\\BA_Arbeit\\references\\msc_krempel.pdf:PDF},
  owner = {seydanator},
  timestamp = {2010.10.22}
}

@ARTICLE{temp,
  author = {Liao, Weiping and He, Lei and Lepak, Kevin M.},
  title = {Temperature and supply Voltage aware performance and power modeling
	at microarchitecture level},
  journal = {Computer-Aided Design of Integrated Circuits and Systems, IEEE Transactions
	on},
  year = {2005},
  volume = {24 Issue:7},
  pages = {1042 - 1053},
  month = {July},
  doi = {10.1109/TCAD.2005.850860},
  file = {:D\:\\Desktop\\BA_Arbeit\\references\\nps7D7C.pdf:PDF},
  owner = {seydanator},
  timestamp = {2010.11.01}
}

@MISC{ludwig,
  author = {Ludwig, Thomas},
  title = {Cluster Computing},
  howpublished = {Lecture script},
  month = {April},
  year = {2008},
  owner = {seydanator},
  timestamp = {2011.03.18}
}

@MISC{vt,
  author = {Mark Lundstrom},
  title = {ECE 612 Lecture 13: Threshold Voltage and MOSFET Capacitances},
  month = {Oct},
  year = {2006},
  file = {:D\:\\Desktop\\BA_Arbeit\\references\\2006.09.22-ece612-l13 vt and mos capacitances.pdf:PDF},
  owner = {seydanator},
  timestamp = {2011.02.11},
  url = {http://nanohub.org/resources/1855}
}

@INPROCEEDINGS{martin,
  author = {Martin, Steven M. and Flautner, Krisztian and Mudge, Trevor and Blaauw,
	David},
  title = {Combined dynamic voltage scaling and adaptive body biasing for lower
	power microprocessors under dynamic workloads},
  booktitle = {ICCAD '02: Proceedings of the 2002 IEEE/ACM international conference
	on Computer-aided design},
  year = {2002},
  number = {0-7803-7607-2},
  pages = {721--725},
  address = {New York, NY, USA},
  publisher = {ACM},
  doi = {http://doi.acm.org/10.1145/774572.774678},
  file = {:D\:\\Desktop\\BA_Arbeit\\references\\CombinedDynamicVoltageScalingandAdaptiveBodyBiasingfor.pdf:PDF},
  owner = {seydanator},
  timestamp = {2010.11.01}
}

@MASTERSTHESIS{minartz,
  author = {Timo Minartz},
  title = {Model and simulation of power consumption and powersaving potential
	of energy effcient cluster hardware},
  school = {Ruprecht-Karls-Universität Heidelberg},
  year = {2009},
  month = {August},
  file = {:D\:\\Desktop\\BA_Arbeit\\references\\masterthesis.pdf:PDF},
  owner = {seydanator},
  timestamp = {2010.10.22},
  url = {http://archiv.ub.uni-heidelberg.de/volltextserver/volltexte/2010/10951/pdf/masterthesis.pdf}
}

@ARTICLE{minartz_paper,
  author = {Minartz, Timo and Kunkel, Julian M. and Ludwig, Thomas},
  title = {Simulation of power consumption of energy efficient cluster hardware},
  journal = {Computer Science - Research and Development},
  year = {2010},
  volume = {25?},
  pages = {165-175},
  month = {July},
  doi = {DOI: 10.1007/s00450-010-0120-6},
  file = {:D\:\\Desktop\\BA_Arbeit\\references\\paper_simulation_ets.pdf:PDF},
  owner = {seydanator},
  timestamp = {2010.10.22}
}

@ARTICLE{power,
  author = {Trevor Mudge},
  title = {Power: A First Class Design Constraint for Future Architectures},
  journal = {Computer},
  year = {2000},
  volume = {34},
  pages = {52--57},
  citeseerurl = {http://citeseerx.ist.psu.edu/viewdoc/summary?doi=10.1.1.16.601},
  file = {:D\:\\Desktop\\BA_Arbeit\\references\\nps58DC.pdf:PDF},
  owner = {seydanator},
  timestamp = {2010.11.01}
}

@ARTICLE{greenIT,
  author = {Murugesan, San},
  title = {Harnessing Green IT: Principles and Practices},
  journal = {IT Professional},
  year = {2008},
  volume = {10},
  pages = {24--33},
  month = {January},
  doi = {10.1109/MITP.2008.10},
  owner = {seydanator},
  timestamp = {2011.03.10},
  url = {\url{http://portal.acm.org/citation.cfm?id=1344234.1344284}}
}

@MISC{ht4uCPU,
  author = {Oboril, Fabian},
  title = {{Realer Energieverbrauch von Intels Core-i-CPUs, deren iGPU und der
	Chipsätze}},
  howpublished = {\url{http://ht4u.net/reviews/2010/leistungsaufnahme_intel_core_i_cpus/index8.php}},
  month = {November},
  year = {2010},
  note = {last checked: \printdate{21.03.2011}},
  file = {:D\:\\Desktop\\BA_Arbeit\\references\\Realer Energieverbrauch von Intels Core-i-CPUs, deren iGPU und der Chipsätze - Leistungsaufnahme_ Überblick (Seite 9) - Tests b.pdf:PDF},
  owner = {seydanator},
  timestamp = {2010.11.15}
}

@INPROCEEDINGS{cpuidlepaper,
  author = {Pallipadi, Venkatesh and Li,Shaohua and Belay, Adam},
  title = {cpuidle—Do nothing, efﬁciently. . .},
  booktitle = {Proceedings of the Linux Symposium},
  year = {2007},
  volume = {2},
  pages = {119--126},
  month = {June},
  note = {\url{http://ols.108.redhat.com/2007/Reprints/pallipadi-Reprint.pdf}},
  file = {:D\:\\Desktop\\BA_Arbeit\\references\\ols2007v2-pages-119-126.pdf:PDF},
  owner = {seydanator},
  timestamp = {2011.03.10}
}

@INPROCEEDINGS{scheduler,
  author = {Pallipadi, Venkatesh and Siddha, Suresh B},
  title = {Processor Power Management features and Process Scheduler: Do we
	need to tie them together?},
  booktitle = {LinuxConf},
  year = {2007},
  file = {:D\:\\Desktop\\BA_Arbeit\\references\\Pallipadi.pdf:PDF},
  owner = {seydanator},
  timestamp = {2011.03.11}
}

@INPROCEEDINGS{ondemand,
  author = {Pallipadi, Venkatesh and Starikovskiy, Alexey},
  title = {The ondemand governor: past, present and future},
  booktitle = {Proceedings of Linux Symposium},
  year = {2006},
  volume = {2},
  pages = {223--238},
  note = {\url{http://ftp.kernel.org/pub/linux/kernel/people/lenb/acpi/doc/OLS2006-ondemand-paper.pdf}},
  file = {:D\:\\Desktop\\BA_Arbeit\\references\\OLS2006-ondemand-paper.pdf:PDF},
  owner = {seydanator},
  timestamp = {2011.03.11}
}

@MISC{top500,
  author = {TOP500 Project, The},
  title = {TOP500},
  howpublished = {\url{http://www.top500.org}},
  year = {2011},
  note = {last checked: \printdate{21.03.2011}},
  owner = {seydanator},
  timestamp = {2011.03.09}
}

@MANUAL{cpuidle,
  title = {Supporting multiple CPU idle levels in kernel},
  address = {/Documentation/cpuidle/},
  year = {2011},
  note = {\url{http://www.kernel.org/doc/Documentation/cpuidle}},
  owner = {seydanator},
  timestamp = {2011.02.18}
}

@MANUAL{acpi,
  title = {Advanced Configuration and Power Interface Specification, Revision
	4.0a},
  organization = {{Intel Corporation}, {Hewlett-Packard}, {Microsoft}, {Toshiba} and
	{Phoenix Technologies}},
  year = {2010},
  note = {\url{http://www.acpi.info/}},
  file = {:D\:\\Desktop\\BA_Arbeit\\references\\ACPIspec40a.pdf:PDF},
  owner = {seydanator},
  timestamp = {2011.03.06},
  url = {http://www.acpi.info/}
}

@MANUAL{ipmi,
  title = {- IPMI - Intelligent Platform Management Interface Specification
	Second Generation v2.0},
  organization = {{Intel Corporation}, {Hewlett-Packard Company}, {NEC Corporation}
	and {Dell Inc.}},
  year = {2009},
  note = {\url{http://download.intel.com/design/servers/ipmi/IPMI2_0E4_Markup_061209.pdf}},
  owner = {seydanator},
  timestamp = {2011.03.29}
}

@MANUAL{turboboost,
  title = {Intel® Turbo Boost Technology in Intel® Core™ Microarchitecture (Nehalem)
	Based Processors},
  organization = {Intel Corporation},
  month = {November},
  year = {2008},
  note = {\url{http://download.intel.com/design/processor/applnots/320354.pdf}},
  file = {:D\:\\Desktop\\BA_Arbeit\\references\\intel.pdf:PDF},
  owner = {seydanator},
  timestamp = {2010.12.06},
  url = {http://download.intel.com/design/processor/applnots/320354.pdf}
}

